<?xml version="1.0" encoding="UTF-8"?><collection xmlns="http://www.loc.gov/MARC21/slim"><record><leader>00501nam--2200181-u-4500</leader><controlfield tag="001">000051917</controlfield><controlfield tag="002">20161230</controlfield><controlfield tag="005">20170103011413</controlfield><controlfield tag="008">090428s1000------------r-----000-0-eng-d</controlfield><datafield ind1=" " ind2=" " tag="040"><subfield code="a">IFIN-HH</subfield></datafield><datafield ind1=" " ind2=" " tag="080"><subfield code="a">517.9</subfield></datafield><datafield ind1="1" ind2=" " tag="100"><subfield code="a">Mitropolskogo, Yu. A</subfield><subfield code="e">red</subfield></datafield><datafield ind1="1" ind2="0" tag="245"><subfield code="a">IX Mezhdunarodnaya Konferentsiya po Nelineinym Kolebaniyam</subfield></datafield><datafield ind1=" " ind2=" " tag="260"><subfield code="a">Kiev</subfield><subfield code="c">1984</subfield></datafield><datafield ind1=" " ind2=" " tag="300"><subfield code="a">488 p</subfield></datafield><datafield ind1=" " ind2=" " tag="490"><subfield code="a">Kachestvennye Metody Teorii Nelineinykh Kolebanii</subfield><subfield code="v">Tom 2</subfield></datafield><datafield ind1=" " ind2=" " tag="852"><subfield code="a">73098</subfield><subfield code="c">517.9</subfield></datafield><datafield ind1=" " ind2=" " tag="CAT"><subfield code="a">SYS</subfield><subfield code="c">20170103</subfield><subfield code="h">011413</subfield></datafield></record></collection>